@book{Sutton1998,
  added-at = {2019-07-13T10:11:53.000+0200},
  author = {Sutton, Richard S. and Barto, Andrew G.},
  biburl = {https://www.bibsonomy.org/bibtex/2f46601cf8b13d39d1378af0d79438b12/lanteunis},
  edition = {Second},
  interhash = {ac6b144aaec1819919a2fba9f705c852},
  intrahash = {f46601cf8b13d39d1378af0d79438b12},
  keywords = {},
  publisher = {The MIT Press},
  timestamp = {2019-07-13T10:11:53.000+0200},
  title = {Reinforcement Learning: An Introduction},
  url = {http://incompleteideas.net/book/the-book-2nd.html},
  year = {2018 }
}

@Article{Singh2000,
author={Singh, Satinder
and Jaakkola, Tommi
and Littman, Michael L.
and Szepesv{\textsurd}{\textdegree}ri, Csaba},
title={Convergence Results for Single-Step On-Policy Reinforcement-Learning Algorithms},
journal={Machine Learning},
year={2000},
month={Mar},
day={01},
volume={38},
number={3},
pages={287-308},
issn={1573-0565},
doi={10.1023/A:1007678930559},
url={https://doi.org/10.1023/A:1007678930559}
}
@article{Seijen16,
  author    = {Harm van Seijen},
  title     = {Effective Multi-step Temporal-Difference Learning for Non-Linear Function
               Approximation},
  journal   = {CoRR},
  volume    = {abs/1608.05151},
  year      = {2016},
  url       = {http://arxiv.org/abs/1608.05151},
  archivePrefix = {arXiv},
  eprint    = {1608.05151},
  timestamp = {Mon, 13 Aug 2018 16:48:33 +0200},
  biburl    = {https://dblp.org/rec/journals/corr/Seijen16.bib},
  bibsource = {dblp computer science bibliography, https://dblp.org}
}
@misc{neural_designer,
  author = {Gomez, Fernando
and Quesada, Alberto
and Lopez, Roberto}
  title = {Genetic algorithms for feature selection},
  howpublished = {\url{https://www.neuraldesigner.com/blog/genetic_algorithms_for_feature_selection}},
  note = {Accessed: 2021-03-29}
}
@inproceedings{NIPS2000_04df4d43,
 author = {Gordon, Geoffrey J},
 booktitle = {Advances in Neural Information Processing Systems},
 editor = {T. Leen and T. Dietterich and V. Tresp},
 pages = {},
 publisher = {MIT Press},
 title = {Reinforcement Learning with Function Approximation Converges to a Region},
 url = {https://proceedings.neurips.cc/paper/2000/file/04df4d434d481c5bb723be1b6df1ee65-Paper.pdf},
 volume = {13},
 year = {2001}
}
@inproceedings{zinkevich2001,
author = {Zinkevich, Martin and Balch, Tucker},
year = {2001},
month = {01},
pages = {632-},
title = {Symmetry in Markov Decision Processes and its Implications for Single Agent and Multiagent Learning.}
}
@INPROCEEDINGS{agostini2009,
  author={A. {Agostini} and E. {Celaya}},
  booktitle={2009 International Conference on Machine Learning and Applications}, 
  title={Exploiting Domain Symmetries in Reinforcement Learning with Continuous State and Action Spaces}, 
  year={2009},
  volume={},
  number={},
  pages={331-336},
  doi={10.1109/ICMLA.2009.41}}





